@misc{nelder-mead-enwiki,
    author = "Wikipedia",
    title = "Nelderâ€“Mead method --- Wikipedia{,} The Free Encyclopedia",
    year = "2015",
    url = "\url{https://en.wikipedia.org/w/index.php?title=Nelder%E2%80%93Mead_method&oldid=693590045}",
    note = "[Online; accessed 10-December-2015]"
},

@misc{nelder-mead-unknown,
    author = "Unknown",
    title = "The Nelder-Mead Method (Proof)",
    year = "2015",
    url = "\url{http://mathfaculty.fullerton.edu/mathews/n2003/neldermead/NelderMeadProof.pdf}",
    note = "[Online excerpt of book; accessed 10-December-2015]"
},

@ARTICLE{nelder-mead-scholarpedia,
    AUTHOR = {Singer, S.  and Nelder, J. },
    TITLE   = {{N}elder-{M}ead algorithm},
    YEAR= "2009",
    JOURNAL= "Scholarpedia",
    VOLUME  = "4",
    NUMBER  = "7",
    PAGES   = "2928",
    NOTE   = "revision 91557",
},

@TECHREPORT{nelder-mead-convergence,
    author = {K. I. M. Mckinnon and K. I. M. Mckinnon},
    title = {Convergence of the Nelder-Mead simplex method to a non-stationary point},
    institution = {SIAM J. Optim},
    year = {1996}
}
